<record><leader>00000cas a22000007a 4500</leader><controlfield tag="001">19057372</controlfield><controlfield tag="008">890124d19781987mouwr ne      0    0eng d</controlfield><datafield ind1=" " ind2=" " tag="010"><subfield code="a">sn 89066211 </subfield></datafield><datafield ind1=" " ind2=" " tag="040"><subfield code="a">MQN</subfield><subfield code="b">eng</subfield><subfield code="c">MQN</subfield><subfield code="d">OCLCQ</subfield><subfield code="d">OCLCF</subfield><subfield code="d">OCLCO</subfield></datafield><datafield ind1=" " ind2=" " tag="042"><subfield code="a">msc</subfield></datafield><datafield ind1=" " ind2=" " tag="043"><subfield code="a">n-us-mo</subfield></datafield><datafield ind1="0" ind2="4" tag="245"><subfield code="a">The Belton-Raymore star-herald.</subfield></datafield><datafield ind1="3" ind2="0" tag="246"><subfield code="a">Star-herald</subfield></datafield><datafield ind1=" " ind2=" " tag="260"><subfield code="a">Belton, Mo. :</subfield><subfield code="b">Belton Banner,</subfield><subfield code="c">1978-1987.</subfield></datafield><datafield ind1=" " ind2=" " tag="300"><subfield code="a">v.</subfield></datafield><datafield ind1=" " ind2=" " tag="310"><subfield code="a">Weekly</subfield></datafield><datafield ind1="0" ind2=" " tag="362"><subfield code="a">Vol. 87, no. 4 (June 22, 1978)-v. 95, no. 44 (Mar. 19, 1987).</subfield></datafield><datafield ind1=" " ind2=" " tag="500"><subfield code="a">The word "star" in the title has the symbol for star in place of the letter a.</subfield></datafield><datafield ind1=" " ind2="0" tag="651"><subfield code="a">Cass County (Mo.)</subfield><subfield code="v">Newspapers.</subfield></datafield><datafield ind1=" " ind2="7" tag="655"><subfield code="a">Newspapers.</subfield><subfield code="2">fast</subfield><subfield code="0">(OCoLC)fst01423814</subfield></datafield><datafield ind1=" " ind2="7" tag="651"><subfield code="a">Missouri</subfield><subfield code="z">Cass County.</subfield><subfield code="2">fast</subfield><subfield code="0">(OCoLC)fst01215950</subfield></datafield><datafield ind1=" " ind2=" " tag="752"><subfield code="a">United States</subfield><subfield code="b">Missouri</subfield><subfield code="c">Cass</subfield><subfield code="d">Belton.</subfield></datafield><datafield ind1=" " ind2=" " tag="752"><subfield code="a">United States</subfield><subfield code="b">Missouri</subfield><subfield code="c">Cass</subfield><subfield code="d">Raymore.</subfield></datafield><datafield ind1="0" ind2="0" tag="780"><subfield code="t">Belton star-herald</subfield><subfield code="w">(DLC)sn 89066210</subfield></datafield><datafield ind1="0" ind2="0" tag="785"><subfield code="t">Star-herald (Belton, Mo. : 1987)</subfield><subfield code="w">(DLC)sn 89066212</subfield></datafield></record>